@Online{THBWebsite,
  author  = {{Technische Hochschule Brandenburg}},
  title   = {{THB: Studium der Informatik und Medien, Wirtschaft und Technik}},
  url     = {https://www.th-brandenburg.de/startseite/},
  urldate = {2021-12-22},
  year    = {2021},
}

@Online{OverleafWebsite,
	author  = {Overleaf},
	title   = {{Overleaf, Online-LaTeX-Editor}},
	url     = {https://de.overleaf.com/},
	urldate = {2021-12-29},
	year    = {2021},
}

@book{VollmerMoellmann2019,
  author    = {Michael Vollmer and Klaus-Peter M{\"o}llmann},
  title     = {Infrared Thermal Imaging},
  edition   = {2. Auflage},
  isbn      = {9783527693306},
  doi       = {10.1002/9783527693306},
  year      = {2019},
}

@Comment{jabref-meta: databaseType:biblatex;}
